@inproceedings{kayalvizhi2023overview,
  title={Overview of the shared task on Detecting Signs of Depression from Social Media Text},
  author={Kayalvizhi, S and Thenmozhi, Durairaj and Chakravarthi, Bharathi Raja and Kogilavani, SV and Rahood, Pratik Anil and others},
  booktitle={Proceedings of the Third Workshop on Language Technology for Equality, Diversity and Inclusion},
  pages={25--30},
  year={2023}
}

@inproceedings{wang2022nycu_twd,
  title={NYCU\_TWD@ LT-EDI-ACL2022: Ensemble models with VADER and contrastive learning for detecting signs of depression from social media},
  author={Wang, Wei-Yao and Tang, Yu-Chien and Du, Wei-Wei and Peng, Wen-Chih},
  booktitle={Proceedings of the second workshop on language technology for equality, diversity and inclusion},
  pages={136--139},
  year={2022}
}

@inproceedings{saha2022vader,
  title={VADER vs. BERT: A Comparative Performance Analysis for Sentiment on Coronavirus Outbreak},
  author={Saha, Subrata and Showrov, Md Imran Hossain and Rahman, Md Motinur and Majumder, Md Ziaul Hasan},
  booktitle={International Conference on Machine Intelligence and Emerging Technologies},
  pages={371--385},
  year={2022},
  organization={Springer}
}

@article{deng2022beike,
  title={BEIKE NLP at SemEval-2022 Task 4: Prompt-Based Paragraph Classification for Patronizing and Condescending Language Detection},
  author={Deng, Yong and Dou, Chenxiao and Chen, Liangyu and Miao, Deqiang and Sun, Xianghui and Ma, Baochang and Li, Xiangang},
  journal={arXiv preprint arXiv:2208.01312},
  year={2022}
}

@misc{Berenstein, 
    title={Argilla/twitter-coronavirus · datasets at hugging face}, 
    url={https://huggingface.co/datasets/argilla/twitter-coronavirus}, 
    journal={argilla/twitter-coronavirus · Datasets at Hugging Face}, 
    author={Berenstein, David}
} 

@inproceedings{kayalvizhi2022findings,
  title={Findings of the shared task on detecting signs of depression from social media},
  author={Kayalvizhi, S and Durairaj, Thenmozhi and Chakravarthi, Bharathi Raja and others},
  booktitle={Proceedings of the Second Workshop on Language Technology for Equality, Diversity and Inclusion},
  pages={331--338},
  year={2022}
}

@article{liu2019roberta,
  title={Roberta: A robustly optimized bert pretraining approach},
  author={Liu, Yinhan and Ott, Myle and Goyal, Naman and Du, Jingfei and Joshi, Mandar and Chen, Danqi and Levy, Omer and Lewis, Mike and Zettlemoyer, Luke and Stoyanov, Veselin},
  journal={arXiv preprint arXiv:1907.11692},
  year={2019}
}